@manual{breach,
    author = "Julio Casal",
    title = "1.4 Billion Clear Text Credentials Discovered in a Single Database",
    year = "2017",
    url = "medium.com/4iqdelvedeep/1-4-billion-clear-text-credentials-discovered-in-a-single-database-3131d0a1ae14",
    note = "Dostęp 08.04.2018"
}

@manual{calc,
    author = "Patrick Gage Kelley Saranga Komanduri Michelle L. Mazurek Richard Shay Timothy Vidas Lujo Bauer Nicolas Christin Lorrie Faith Cranor and Julio Lopez",
    title = "Guess again (and again and again): Measuring password strength by simulating password-cracking algorithms",
    year = "2012",
    url = "archive.ece.cmu.edu/~lbauer/papers/2012/oakland2012-guessing.pdf",
    note = "Dostęp 08.04.2018"
}